<record><leader>00000cas a2200000 a 4500</leader><controlfield tag="001">9365473</controlfield><controlfield tag="008">830331d18601893nyuwr ne      0    0eng c</controlfield><datafield ind1=" " ind2=" " tag="010"><subfield code="a">sn 83030181 </subfield></datafield><datafield ind1=" " ind2=" " tag="040"><subfield code="a">NPU</subfield><subfield code="b">eng</subfield><subfield code="c">NPU</subfield><subfield code="d">NPI</subfield><subfield code="d">OCL</subfield><subfield code="d">NPX</subfield><subfield code="d">DLC</subfield><subfield code="d">NPA</subfield><subfield code="d">DLC</subfield><subfield code="d">DEX</subfield><subfield code="d">ANU</subfield><subfield code="d">MFN</subfield><subfield code="d">ANU</subfield><subfield code="d">YOX</subfield><subfield code="d">KNP</subfield><subfield code="d">MGN</subfield><subfield code="d">NYS</subfield><subfield code="d">RHN</subfield><subfield code="d">CNK</subfield><subfield code="d">NYS</subfield><subfield code="d">NVF</subfield><subfield code="d">NVK</subfield><subfield code="d">CRL</subfield><subfield code="d">OCL</subfield><subfield code="d">CVF</subfield><subfield code="d">OCLCG</subfield><subfield code="d">KRTAS</subfield><subfield code="d">OCLCQ</subfield><subfield code="d">OCLCF</subfield><subfield code="d">OCLCO</subfield></datafield><datafield ind1=" " ind2=" " tag="012"><subfield code="b">3</subfield></datafield><datafield ind1=" " ind2=" " tag="019"><subfield code="a">2269675</subfield><subfield code="a">11386285</subfield></datafield><datafield ind1="1" ind2=" " tag="029"><subfield code="a">AU@</subfield><subfield code="b">000025822314</subfield></datafield><datafield ind1=" " ind2=" " tag="042"><subfield code="a">pcc</subfield></datafield><datafield ind1=" " ind2=" " tag="043"><subfield code="a">n-us-ny</subfield></datafield><datafield ind1="0" ind2="0" tag="050"><subfield code="a">Newspaper 9099</subfield></datafield><datafield ind1="0" ind2=" " tag="130"><subfield code="a">World (New York, N.Y. : 1860 : Weekly)</subfield></datafield><datafield ind1="1" ind2="4" tag="245"><subfield code="a">The world.</subfield></datafield><datafield ind1="1" ind2=" " tag="246"><subfield code="i">&lt;Dec. 29, 1890&gt; issue published as:</subfield><subfield code="a">Weekly world</subfield></datafield><datafield ind1="1" ind2=" " tag="246"><subfield code="i">&lt;Sept. 1881&gt; issues published as:</subfield><subfield code="a">New York world</subfield></datafield><datafield ind1=" " ind2=" " tag="250"><subfield code="a">Weekly ed.</subfield></datafield><datafield ind1=" " ind2=" " tag="260"><subfield code="a">New-York [N.Y.] :</subfield><subfield code="b">World</subfield></datafield><datafield ind1=" " ind2=" " tag="300"><subfield code="a">v. ;</subfield><subfield code="c">54 cm.</subfield></datafield><datafield ind1=" " ind2=" " tag="310"><subfield code="a">Weekly</subfield></datafield><datafield ind1="1" ind2=" " tag="362"><subfield code="a">Began in 1860; ceased in 1893.</subfield></datafield><datafield ind1=" " ind2=" " tag="500"><subfield code="a">Editors: Manton Marble, &lt;1863&gt;.</subfield></datafield><datafield ind1=" " ind2=" " tag="580"><subfield code="a">Daily eds.: World (New York, N.Y. : 1860 : Daily), 1860-1861, and: World and morning courier and New-York enquirer, 1861-1863, and: World (New York, N.Y. : 1863), 1863-1881, and: New York world (New York, N.Y. : 1881 : Daily), 1881-1883, and: World (New York, N.Y. : 1883 : Daily), 1883-1893.</subfield></datafield><datafield ind1=" " ind2=" " tag="580"><subfield code="a">Semiweekly eds.: World (New York, N.Y. : 1860 : Semiweekly), 1860-1881, and: New York world (New York, N.Y. : 1881 : Semiweekly), 1881-1883, and: World (New York, N.Y. : 1883 : Semiweekly), 1883-1893.</subfield></datafield><datafield ind1=" " ind2=" " tag="580"><subfield code="a">Campaign ed.: World (New York, N.Y. : 1864), 1864.</subfield></datafield><datafield ind1=" " ind2=" " tag="588"><subfield code="a">Description based on: Vol. 1, no. 14 (Oct. 13, 1860).</subfield></datafield><datafield ind1=" " ind2="0" tag="651"><subfield code="a">New York (N.Y.)</subfield><subfield code="v">Newspapers.</subfield></datafield><datafield ind1=" " ind2="7" tag="655"><subfield code="a">Newspapers.</subfield><subfield code="2">fast</subfield><subfield code="0">(OCoLC)fst01423814</subfield></datafield><datafield ind1=" " ind2="7" tag="651"><subfield code="a">New York (State)</subfield><subfield code="z">New York.</subfield><subfield code="2">fast</subfield><subfield code="0">(OCoLC)fst01204333</subfield></datafield><datafield ind1="1" ind2=" " tag="700"><subfield code="a">Marble, Manton,</subfield><subfield code="d">1834-1917.</subfield></datafield><datafield ind1=" " ind2=" " tag="752"><subfield code="a">United States</subfield><subfield code="b">New York</subfield><subfield code="c">New York</subfield><subfield code="d">New York.</subfield></datafield><datafield ind1="1" ind2=" " tag="775"><subfield code="t">World (New York, N.Y. : 1860 : Daily)</subfield><subfield code="w">(DLC)sn 83030182</subfield><subfield code="w">(OCoLC)9365085</subfield></datafield><datafield ind1="1" ind2=" " tag="775"><subfield code="t">World and morning courier and New-York enquirer</subfield><subfield code="w">(DLC)sn 83030183</subfield><subfield code="w">(OCoLC)9365175</subfield></datafield><datafield ind1="1" ind2=" " tag="775"><subfield code="t">World (New York, N.Y : 1863)</subfield><subfield code="w">(DLC)sn 83030184</subfield><subfield code="w">(OCoLC)9365279</subfield></datafield><datafield ind1="1" ind2=" " tag="775"><subfield code="t">New York world (New York, N.Y. : 1881 : Daily)</subfield><subfield code="w">(DLC)sn 86079140</subfield><subfield code="w">(OCoLC)13510280</subfield></datafield><datafield ind1="1" ind2=" " tag="775"><subfield code="t">World (New York, N.Y. : 1883 : Daily)</subfield><subfield code="w">(DLC)sn 86071683</subfield><subfield code="w">(OCoLC)13846132</subfield></datafield><datafield ind1="1" ind2=" " tag="775"><subfield code="t">World (New York, N.Y. : 1860 : Semiweekly)</subfield><subfield code="w">(DLC)sn 84045535</subfield><subfield code="w">(OCoLC)11508621</subfield></datafield><datafield ind1="1" ind2=" " tag="775"><subfield code="t">New York world (New York, N.Y. : 1881 : Semiweekly)</subfield><subfield code="w">(DLC)sn 84045536</subfield><subfield code="w">(OCoLC)11509036</subfield></datafield><datafield ind1="1" ind2=" " tag="775"><subfield code="t">World (New York, N.Y. : 1883 : Semiweekly)</subfield><subfield code="w">(DLC)sn 84045537</subfield><subfield code="w">(OCoLC)11509492</subfield></datafield><datafield ind1="1" ind2=" " tag="775"><subfield code="t">World (New York, N.Y. : 1864)</subfield><subfield code="w">(DLC)sn 83030195</subfield><subfield code="w">(OCoLC)9368970</subfield></datafield><datafield ind1="0" ind2="5" tag="780"><subfield code="t">Weekly courier and New-York enquirer</subfield><subfield code="g">1861</subfield><subfield code="w">(DLC)sn 83030099</subfield><subfield code="w">(OCoLC)9356140</subfield></datafield><datafield ind1="0" ind2="5" tag="780"><subfield code="t">New York weekly Argus</subfield><subfield code="w">(DLC)sn 83030220</subfield><subfield code="w">(OCoLC)2264953</subfield></datafield><datafield ind1="0" ind2="0" tag="785"><subfield code="t">New York world (New York, N.Y. : 1893 : Weekly)</subfield><subfield code="w">(DLC)sn 86077075</subfield><subfield code="w">(OCoLC)13999105</subfield></datafield><datafield ind1=" " ind2=" " tag="938"><subfield code="a">Kirtas Technologies, Inc.</subfield><subfield code="b">KRTS</subfield><subfield code="n">736413</subfield></datafield></record>